/Users/mrcraftcod/Dropbox/Documents/LaTeX/bib/biblio.bib