/Users/mrcraftcod/Dropbox/Documents/LaTeX/packages/polytech/dummy.bib